<?xml version="1.0" encoding="UTF-8"?><collection xmlns="http://www.loc.gov/MARC21/slim"><record><leader>00512nam--2200193-i-4500</leader><controlfield tag="001">000047999</controlfield><controlfield tag="002">20161230</controlfield><controlfield tag="005">20161230201046</controlfield><controlfield tag="008">060222s1000------------r-----000-0-rum-d</controlfield><datafield ind1=" " ind2=" " tag="040"><subfield code="a">IFIN-HH</subfield></datafield><datafield ind1=" " ind2=" " tag="041"><subfield code="a">rum</subfield></datafield><datafield ind1=" " ind2=" " tag="080"><subfield code="a">519.68</subfield></datafield><datafield ind1="1" ind2=" " tag="100"><subfield code="a">Zidaroiu, Corneliu</subfield></datafield><datafield ind1="1" ind2="0" tag="245"><subfield code="a">Programare liniara</subfield><subfield code="c">Corneliu zidaroiu</subfield></datafield><datafield ind1=" " ind2=" " tag="260"><subfield code="a">Bucuresti</subfield><subfield code="b">Editura Tehnica</subfield><subfield code="c">1983</subfield></datafield><datafield ind1=" " ind2=" " tag="300"><subfield code="a">376P</subfield></datafield><datafield ind1=" " ind2=" " tag="490"><subfield code="a">Seris Bazele Matematice Ale Cercetarii Operationale</subfield></datafield><datafield ind1=" " ind2=" " tag="852"><subfield code="a">70938</subfield><subfield code="c">519.283</subfield></datafield><datafield ind1=" " ind2=" " tag="CAT"><subfield code="a">Sys</subfield><subfield code="c">20130808</subfield><subfield code="h">120135</subfield></datafield></record></collection>